@article{chen2018embed,
  title={E-Embed: A time series visualization framework based on earth moverâ€™s distance},
  author={Chen, Bingkun and Zhou, Hong and Chen, Xiaojun},
  journal={Journal of Visual Languages \& Computing},
  volume={48},
  pages={110--122},
  year={2018},
  publisher={Elsevier}
}