@article{bayrak2020pragma,
  title={PRAGMA: Interactively Constructing Functional Brain Parcellations},
  author={Bayrak, Roza G and Hoang, Nhung and Hansen, Colin B and Chang, Catie and Berger, Matthew},
  journal={arXiv preprint arXiv:2009.01697},
  year={2020}
}

@inproceedings{govyadinov2019graph,
  title={Graph-assisted visualization of microvascular networks},
  author={Govyadinov, Pavel and Womack, Tasha and Eriksen, Jason and Mayerich, David and Chen, Guoning},
  booktitle={2019 IEEE Visualization Conference (VIS)},
  pages={1--5},
  year={2019},
  organization={IEEE}
}